@book{bib:Haykin1988,
	title={Digital communications},
	author={Haykin, Simon},
	year={1988},
	publisher={Wiley New York}
}

